@book{fletcher2012physics,
  title={The physics of musical instruments},
  author={Fletcher, Neville H and Rossing, Thomas D},
  year={2012},
  publisher={Springer Science \& Business Media}
}

@book{benson2006music,
  title={Music: A mathematical offering},
  author={Benson, Dave},
  year={2006},
  publisher={Cambridge University Press}
}

@book{loy2011musimathics,
  title={Musimathics, Volume 1: The Mathematical Foundations of Music},
  author={Loy, Gareth},
  volume={1},
  year={2011},
  publisher={MIT press}
}

@book{rossing1976acoustics,
  title={Acoustics of timpani: Preliminary studies},
  author={Rossing, Thomas D and Kvistad, Garry},
  year={1976}
}

@article{benade1976fundamentals,
  author={Benade, AH},
  title={Fundamentals of Musical Acoustics},
  journal={Oxford University Press, New York},
  year={1976}
}